@book{digitalmatrix,
  title={The digital matrix: new rules for business transformation through technology},
  author={Venkatraman, Venkat},
  year={2017},
  publisher={LifeTree Media}
}

@book{leadingdigital,
  title={Leading digital: Turning technology into business transformation},
  author={Westerman, George and Bonnet, Didier and McAfee, Andrew},
  year={2014},
  publisher={Harvard Business Press}
}

@misc{wiwi,
  author        = {Prof. Dr. Manuel Wiesche},
  title         = {Lecture notes in Digitalisierung},
  year          = {2021},
  publisher     = {TU Dortmund}
}

@misc{scalescopespeedslides,
  author        = {David Ing},
  title         = {Slides for the ABI Focus Series},
  year          = {2001},
  publisher     = {IBM Advanced Business Institute},
  url 			= {http://www.systemicbusiness.org/pubs/2001_IBM_ABI_Scale_Scope_Speed.pdf}
}