@book{digitalmatrix,
  title={The digital matrix: new rules for business transformation through technology},
  author={Venkatraman, Venkat},
  year={2017},
  publisher={LifeTree Media}
}

@book{leadingdigital,
  title={Leading digital: Turning technology into business transformation},
  author={Westerman, George and Bonnet, Didier and McAfee, Andrew},
  year={2014},
  publisher={Harvard Business Press}
}

@misc{wiwi,
  author        = {Prof. Dr. Manuel Wiesche},
  title         = {Lecture notes in Digitalisierung},
  year          = {2021},
  publisher     = {TU Dortmund}
}

@misc{scalescopespeedslides,
  author        = {David Ing},
  title         = {Slides for the ABI Focus Series},
  year          = {2001},
  publisher     = {IBM Advanced Business Institute},
  url 			= {http://www.systemicbusiness.org/pubs/2001_IBM_ABI_Scale_Scope_Speed.pdf}
}

@article{digitalgoods,
  title={Understanding the challenges of the digital economy: The nature of digital goods},
  author={Rayna, Thierry},
  journal={Communications \& Strategies},
  number={71},
  pages={13--16},
  year={2008}
}

@inproceedings{fastmovers,
  title={Industry’s fast-mover advantage: Enterprise value from digital factories},
  author={Betti, Francisco and de Boer, Enno and Giraud, Yves},
  booktitle={World Economic Forum and McKinsey \& Company: Atlanta, GA, USA},
  year={2020}
}

@article{socialmedia,
  title={Social media marketing},
  author={Saravanakumar, Murugesan and SuganthaLakshmi, T},
  journal={Life science journal},
  volume={9},
  number={4},
  pages={4444--4451},
  year={2012}
}

@article{productplacements,
title = {Product Placement as a Rising Marketing Communication Activity: An Assessment on Television Serials},
journal = {Procedia - Social and Behavioral Sciences},
volume = {62},
pages = {1319-1331},
year = {2012},
note = {World Conference on Business, Economics and Management (BEM-2012), May 4–6 2012, Antalya, Turkey},
issn = {1877-0428},
doi = {https://doi.org/10.1016/j.sbspro.2012.09.226},
url = {https://www.sciencedirect.com/science/article/pii/S1877042812036671},
author = {Eylin Babacan and Selda İçin Akcali and E. Pelin Baytekin},
keywords = {Produt placement, marketing communication, exemplary practices},
abstract = {Product placement which has gradually increased in importance especially with globalization and competition, which has intensified in recent years, is a marketing communication activity which has started to be frequently employed in television serials, cinema industry, computer games and books. In this study, the general characteristics of product placement as a marketing communications practice shall be discussed and how such practice is employed in the most watched Turkish television serials shall be scrutinized through examples.}
}

@INPROCEEDINGS{crowdsourcing,
  author={Vukovic, Maja},
  booktitle={2009 Congress on Services - I}, 
  title={Crowdsourcing for Enterprises}, 
  year={2009},
  volume={},
  number={},
  pages={686-692},
  doi={10.1109/SERVICES-I.2009.56}}
  
  @article{cookies,
  title={Affiliate marketing in the context of online marketing},
  author={Juri\^{s}ov\'{a}, Vladim\'{i}ra},
  journal={Rev. Appl. Socio-. Econ Res J},
  volume={5},
  number={1},
  year={2013},
  publisher={Citeseer}
}

@article{eas1,
  title={The interplay of power and trust in platform ecosystems of the enterprise application software industry},
  author={Hurni, Thomas and Huber, Thomas},
  year={2014}
}

@article{eas2,
  title={Challenges and future of enterprise application integration},
  author={Soomro, Tariq Rahim and Awan, Abrar Hasnain},
  journal={International Journal of Computer Applications},
  volume={42},
  number={7},
  pages={42--45},
  year={2012},
  publisher={Citeseer}
}

@article{dataan,
  title={Big data, analytics and the path from insights to value},
  author={LaValle, Steve and Lesser, Eric and Shockley, Rebecca and Hopkins, Michael S and Kruschwitz, Nina},
  journal={MIT sloan management review},
  year={2010}
}

@book{agile,
  title={The art of agile development},
  author={Shore, James and Warden, Shane},
  year={2021},
  publisher={" O'Reilly Media, Inc."}
}

@article{ai,
  title={Artificial intelligence and business value: A literature review},
  author={Enholm, Ida Merete and Papagiannidis, Emmanouil and Mikalef, Patrick and Krogstie, John},
  journal={Information Systems Frontiers},
  volume={24},
  number={5},
  pages={1709--1734},
  year={2022},
  publisher={Springer}
}

@article{ai2,
  title={Intelligent automation entering the business world},
  author={Laurent, Patrick and Chollet, Thibault and Herzberg, Elsa},
  journal={Deloitte, available at \url{https://www2. deloitte. com/content/dam/Deloitte/lu/Documents/operations/lu-intelligent-automationbusiness-world. pdf (accessed 5th March, 2018)}},
  year={2015}
}

@online{cybersecurity,
  author = {National University},
  title = {What is Cybersecurity and Its Importance to Business},
  url = {https://www.nu.edu/blog/what-is-cybersecurity/#:~:text=A%20cyberattack%20can%20disrupt%20your,the%20potential%20for%20costly%20interruptions.},
  urldate = {2023-09-25}
}

@online{tdbu,
  author = {Allaya Cooks-Campbell},
  title = {Top-down vs. bottom-up management: What is the best fit?},
  url = {https://www.betterup.com/blog/top-down-vs-bottom-up-management-approach},
  day = {7},
  month = {9},
  year = {2021},
  urldate = {2023-09-25}
}